%! Author = bytelai
%! Date = 2021/12/24
@inproceedings{2014Multiscale,
    title={Multiscale Combinatorial Grouping},
    author={ Arbelaez, Pablo  and  Pont-Tuset, Jordi  and  Barron, Jon  and  Marques, Ferran  and  Malik, Jitendra },
    booktitle={2014 IEEE Conference on Computer Vision and Pattern Recognition (CVPR)},
    year={2014},
}
@inproceedings{2017Depth,
    title={Depth from Defocus in the Wild},
    author={ Tang, H.  and  Cohen, S.  and  Price, B.  and  Schiller, S.  and  Kutulakos, K. N. },
    booktitle={2017 IEEE Conference on Computer Vision and Pattern Recognition (CVPR)},
    year={2017},
}
@article{2006Depth,
    title={Depth-from-defocus: blur equalization technique},
    author={ Xian, T.  and  Subbarao, M. },
    journal={Proceedings of SPIE - The International Society for Optical Engineering},
    pages={63820E-63820E-10},
    year={2006},
}
@article{subbarao1991spatial,
    title={Spatial-domain convolution/deconvolution transform},
    author={Subbarao, Muralidhara},
    journal={Technique Report No. 91.07. 03},
    year={1991},
    publisher={Citeseer}
}
@article{2012Robust,
    title={Robust Multichannel Blind Deconvolution via Fast Alternating Minimization},
    author={ Sroubek, F.  and  Milanfar, P. },
    journal={IEEE Transactions on Image Processing},
    volume={21},
    number={4},
    pages={1687-1700},
    year={2012},
}